65500000         276630573000160000000000000000000000000190001022225014 CIA DE  CIMENTO ITAMBE        BANCO VOTORANTIM S.A.                   22001202406021500003710300000                                                                     
65500011E0440033 276630573000160000000000000000000000000190001022225014 CIA DE  CIMENTO ITAMBE                                                19012024000000000000000000CFBRL00037                                                              
6550001300001E   276630573000160000000000000000000000000190001022225014 CIA DE  CIMENTO ITAMBE              DPV00                    S1901202419012024000000000151419861C20624  Resgate Titulos Renda Fix384717245                              
6550001300002E   276630573000160000000000000000000000000190001022225014 CIA DE  CIMENTO ITAMBE              DPV00                    S1901202419012024000000000151419861D120108 Debito por TED           384717246                              
65500015         276630573000160000000000000000000000000190001022225014                 00000000000000000000000000000000000000000000000000000019012024000000000000000000CF000004000000000151419861000000000151419861                            
65599999         000001000006000001                                                                                                                                                                                                             
