34100000         278759701000104               14870039578000000000506 3SITA TRANSPORTE DE CARGAS S/A BANCO ITAU S/A                          20802202405123600370005000000                                                                     
34100011E0440050 278759701000104               14870039578000000000506 3SITA TRANSPORTE DE CARGAS S/A                                         06022024000000000001673625DPBRL03700                                                              
3410001300001E1  278759701000104000000         14870039578000000000506 3SITA TRANSPORTE DE CARGAS S/A       DPV                      S        06022024000000000001674611C2060048RES APLIC AUT MAIS                                        000000
3410001300002E1  278759701000104000000         14870039578000000000506 3SITA TRANSPORTE DE CARGAS S/A       DPV                      S        06022024000000000000000014C2060048REND PAGO APLIC AUT MAIS                                  000000
3410001300003E1  278759701000104000000         14870039578000000000506 3SITA TRANSPORTE DE CARGAS S/A       DPV0100003957000000000000S        07022024000000000000348000D1040071SISPAG TRIBUTOS                                           000000
3410001300004E1  278759701000104000000         14870039578000000000506 3SITA TRANSPORTE DE CARGAS S/A       DPV                      S        07022024000000000002112703D1120069SISPAG FORNECEDORES                                       000000
3410001300005E1  278759701000104000000         14870039578000000000506 3SITA TRANSPORTE DE CARGAS S/A       DPV                      S        07022024000000000005482008D1120069SISPAG FORNECEDORES TED                                   000000
3410001300006E2  278759701000104000000         14870039578000000000506 3SITA TRANSPORTE DE CARGAS S/A       SSR                      S        07022024000000000027024034D1120069SISPAG FORNECEDORES                                       000000
3410001300007E1  278759701000104000000         14870039578000000000506 3SITA TRANSPORTE DE CARGAS S/A       DPV0100009126000000000000S        07022024000000000082499164D1040000APLICACAO COMPROMISSADA                                   000000
3410001300008E1  278759701000104000000         14870039578000000000506 3SITA TRANSPORTE DE CARGAS S/A       DPV0100009127000000000000S        07022024000000000000006720C2090007PIX TRANSF  Alcindo07/02                                  000000
3410001300009E1  278759701000104000000         14870039578000000000506 3SITA TRANSPORTE DE CARGAS S/A       DPV                      S        07022024000000000130969243C2020038COBR IBBA 2938/01804-7                                    000000
3410001300010E5  278759701000104               14870039578000000000506 3SITA TRANSPORTE DE CARGAS S/A       DPV                      S        19022024000000000000011060D1120069SANEPAR     17936271                                      003632
34100015         278759701000104               14870039578000000000506 3                00000000000000000000000000000000000000000000000000000007022024000000000013511054CP0000120000000001174659090000000001326505880000000001106000000000000000
34100021E0440050 2787597010001040202           14870039578000000000506 3SITA TRANSPORTE DE CARGAS S/A                                         06022024000000000003190650CFBRL02054                                                              
3410002300001E1  278759701000104               14870039578000000000506 3SITA TRANSPORTE DE CARGAS S/A       APL                               06022024000000000001674611D0032023VALOR PRINC RESG                                                
3410002300002E1  278759701000104               14870039578000000000506 3SITA TRANSPORTE DE CARGAS S/A       APL                               06022024000000000000000063C0052025RENDIMENTO BRUTO PAGO                                           
3410002300003E1  278759701000104               14870039578000000000506 3SITA TRANSPORTE DE CARGAS S/A       APL                               06022024000000000000000014D0000000RENDIMENTO LIQUIDO PAGO                                         
3410002300004E1  278759701000104               14870039578000000000506 3SITA TRANSPORTE DE CARGAS S/A       APL                               06022024000000000000000046D0062026IOF                                                             
3410002300005E1  278759701000104               14870039578000000000506 3SITA TRANSPORTE DE CARGAS S/A       APL                               06022024000000000000000003D0072027IR                                                              
34100025         278759701000104               14870039578000000000506 3                00000000000000000000000000000000000000000000000000000006022024000000000001516039CF0000070000000000016746740000000000000000630000000000000000000000000000
34199999         000002000021000002                                                                                                                                                                                                             
